<record><leader>00000cas a22000007a 4500</leader><controlfield tag="001">13664554</controlfield><controlfield tag="008">860530d18911892inuwr ne      0    0eng d</controlfield><datafield ind1=" " ind2=" " tag="010"><subfield code="a">sn 86058565 </subfield></datafield><datafield ind1=" " ind2=" " tag="040"><subfield code="a">NPI</subfield><subfield code="b">eng</subfield><subfield code="c">NPI</subfield><subfield code="d">OCLCQ</subfield></datafield><datafield ind1=" " ind2=" " tag="042"><subfield code="a">msc</subfield></datafield><datafield ind1="0" ind2="4" tag="245"><subfield code="a">The Mt. Summit-Springpart enterprise.</subfield></datafield><datafield ind1="3" ind2="0" tag="246"><subfield code="a">Mount Summit Springport enterprise</subfield></datafield><datafield ind1=" " ind2=" " tag="260"><subfield code="a">Mt. Summit, Ind. :</subfield><subfield code="b">W.B. Harris,</subfield><subfield code="c">1891-</subfield></datafield><datafield ind1=" " ind2=" " tag="300"><subfield code="a">v. :</subfield><subfield code="b">ill.</subfield></datafield><datafield ind1=" " ind2=" " tag="310"><subfield code="a">Weekly</subfield></datafield><datafield ind1="0" ind2=" " tag="362"><subfield code="a">Vol. 1, no. 1 (Apr. 24, 1891)-</subfield></datafield><datafield ind1="1" ind2=" " tag="362"><subfield code="a">Ceased in 1892?</subfield></datafield><datafield ind1=" " ind2=" " tag="500"><subfield code="a">The town's name was spelled Springpart on the paper, but the current spelling is Springport.</subfield></datafield><datafield ind1=" " ind2=" " tag="752"><subfield code="a">United States</subfield><subfield code="b">Indiana</subfield><subfield code="c">Henry</subfield><subfield code="d">Mount Summit.</subfield></datafield><datafield ind1=" " ind2=" " tag="752"><subfield code="a">United States</subfield><subfield code="b">Indiana</subfield><subfield code="c">Henry</subfield><subfield code="d">Springport.</subfield></datafield></record>